%YAML 1.1
%TAG !u! tag:unity3d.com,2011:
--- !u!1 &5852423179977029200
GameObject:
  m_ObjectHideFlags: 0
  m_CorrespondingSourceObject: {fileID: 0}
  m_PrefabInstance: {fileID: 0}
  m_PrefabAsset: {fileID: 0}
  serializedVersion: 6
  m_Component:
  - component: {fileID: 5852423179977029201}
  - component: {fileID: 5852423179977029206}
  m_Layer: 0
  m_Name: SampleSupport
  m_TagString: Untagged
  m_Icon: {fileID: 0}
  m_NavMeshLayer: 0
  m_StaticEditorFlags: 0
  m_IsActive: 1
--- !u!4 &5852423179977029201
Transform:
  m_ObjectHideFlags: 0
  m_CorrespondingSourceObject: {fileID: 0}
  m_PrefabInstance: {fileID: 0}
  m_PrefabAsset: {fileID: 0}
  m_GameObject: {fileID: 5852423179977029200}
  m_LocalRotation: {x: -0, y: -0, z: -0, w: 1}
  m_LocalPosition: {x: -12.43, y: 0, z: 5.86}
  m_LocalScale: {x: 1, y: 1, z: 1}
  m_Children: []
  m_Father: {fileID: 5852423180169445697}
  m_RootOrder: 0
  m_LocalEulerAnglesHint: {x: 0, y: 0, z: 0}
--- !u!114 &5852423179977029206
MonoBehaviour:
  m_ObjectHideFlags: 0
  m_CorrespondingSourceObject: {fileID: 0}
  m_PrefabInstance: {fileID: 0}
  m_PrefabAsset: {fileID: 0}
  m_GameObject: {fileID: 5852423179977029200}
  m_Enabled: 1
  m_EditorHideFlags: 0
  m_Script: {fileID: 11500000, guid: dc1dc7bf8934f4243a20dad851521bbf, type: 3}
  m_Name: 
  m_EditorClassIdentifier: 
--- !u!1 &5852423180169445696
GameObject:
  m_ObjectHideFlags: 0
  m_CorrespondingSourceObject: {fileID: 0}
  m_PrefabInstance: {fileID: 0}
  m_PrefabAsset: {fileID: 0}
  serializedVersion: 6
  m_Component:
  - component: {fileID: 5852423180169445697}
  m_Layer: 0
  m_Name: Controls
  m_TagString: Untagged
  m_Icon: {fileID: 0}
  m_NavMeshLayer: 0
  m_StaticEditorFlags: 0
  m_IsActive: 1
--- !u!4 &5852423180169445697
Transform:
  m_ObjectHideFlags: 0
  m_CorrespondingSourceObject: {fileID: 0}
  m_PrefabInstance: {fileID: 0}
  m_PrefabAsset: {fileID: 0}
  m_GameObject: {fileID: 5852423180169445696}
  m_LocalRotation: {x: 0, y: 0, z: 0, w: 1}
  m_LocalPosition: {x: 0, y: 1, z: 0}
  m_LocalScale: {x: 1, y: 1, z: 1}
  m_Children:
  - {fileID: 5852423179977029201}
  - {fileID: 5920579549206855743}
  - {fileID: 5852423179250279894}
  m_Father: {fileID: 0}
  m_RootOrder: 0
  m_LocalEulerAnglesHint: {x: 0, y: 0, z: 0}
--- !u!1001 &5852423179250679632
PrefabInstance:
  m_ObjectHideFlags: 0
  serializedVersion: 2
  m_Modification:
    m_TransformParent: {fileID: 5852423180169445697}
    m_Modifications:
    - target: {fileID: 400006, guid: ce816f2e6abb0504092c23ed9b970dfd, type: 3}
      propertyPath: m_RootOrder
      value: 2
      objectReference: {fileID: 0}
    - target: {fileID: 400006, guid: ce816f2e6abb0504092c23ed9b970dfd, type: 3}
      propertyPath: m_LocalPosition.x
      value: 0
      objectReference: {fileID: 0}
    - target: {fileID: 400006, guid: ce816f2e6abb0504092c23ed9b970dfd, type: 3}
      propertyPath: m_LocalPosition.y
      value: 0
      objectReference: {fileID: 0}
    - target: {fileID: 400006, guid: ce816f2e6abb0504092c23ed9b970dfd, type: 3}
      propertyPath: m_LocalPosition.z
      value: 0
      objectReference: {fileID: 0}
    - target: {fileID: 400006, guid: ce816f2e6abb0504092c23ed9b970dfd, type: 3}
      propertyPath: m_LocalRotation.w
      value: 1
      objectReference: {fileID: 0}
    - target: {fileID: 400006, guid: ce816f2e6abb0504092c23ed9b970dfd, type: 3}
      propertyPath: m_LocalRotation.x
      value: -0
      objectReference: {fileID: 0}
    - target: {fileID: 400006, guid: ce816f2e6abb0504092c23ed9b970dfd, type: 3}
      propertyPath: m_LocalRotation.y
      value: -0
      objectReference: {fileID: 0}
    - target: {fileID: 400006, guid: ce816f2e6abb0504092c23ed9b970dfd, type: 3}
      propertyPath: m_LocalRotation.z
      value: -0
      objectReference: {fileID: 0}
    m_RemovedComponents: []
  m_SourcePrefab: {fileID: 100100000, guid: ce816f2e6abb0504092c23ed9b970dfd, type: 3}
--- !u!4 &5852423179250279894 stripped
Transform:
  m_CorrespondingSourceObject: {fileID: 400006, guid: ce816f2e6abb0504092c23ed9b970dfd, type: 3}
  m_PrefabInstance: {fileID: 5852423179250679632}
  m_PrefabAsset: {fileID: 0}
--- !u!4 &5852738367101289556 stripped
Transform:
  m_CorrespondingSourceObject: {fileID: 4188412984752900, guid: ce816f2e6abb0504092c23ed9b970dfd, type: 3}
  m_PrefabInstance: {fileID: 5852423179250679632}
  m_PrefabAsset: {fileID: 0}
--- !u!4 &5852455441335282202 stripped
Transform:
  m_CorrespondingSourceObject: {fileID: 4471613377008970, guid: ce816f2e6abb0504092c23ed9b970dfd, type: 3}
  m_PrefabInstance: {fileID: 5852423179250679632}
  m_PrefabAsset: {fileID: 0}
--- !u!1001 &5852423179858393790
PrefabInstance:
  m_ObjectHideFlags: 0
  serializedVersion: 2
  m_Modification:
    m_TransformParent: {fileID: 5852738367101289556}
    m_Modifications:
    - target: {fileID: 414912, guid: e6ba3498ffa1e534b91a07264266e6b8, type: 3}
      propertyPath: m_RootOrder
      value: 0
      objectReference: {fileID: 0}
    - target: {fileID: 414912, guid: e6ba3498ffa1e534b91a07264266e6b8, type: 3}
      propertyPath: m_LocalPosition.x
      value: 0
      objectReference: {fileID: 0}
    - target: {fileID: 414912, guid: e6ba3498ffa1e534b91a07264266e6b8, type: 3}
      propertyPath: m_LocalPosition.y
      value: -0
      objectReference: {fileID: 0}
    - target: {fileID: 414912, guid: e6ba3498ffa1e534b91a07264266e6b8, type: 3}
      propertyPath: m_LocalPosition.z
      value: 0
      objectReference: {fileID: 0}
    - target: {fileID: 414912, guid: e6ba3498ffa1e534b91a07264266e6b8, type: 3}
      propertyPath: m_LocalRotation.w
      value: 0.7071067
      objectReference: {fileID: 0}
    - target: {fileID: 414912, guid: e6ba3498ffa1e534b91a07264266e6b8, type: 3}
      propertyPath: m_LocalRotation.x
      value: -0
      objectReference: {fileID: 0}
    - target: {fileID: 414912, guid: e6ba3498ffa1e534b91a07264266e6b8, type: 3}
      propertyPath: m_LocalRotation.y
      value: -0
      objectReference: {fileID: 0}
    - target: {fileID: 414912, guid: e6ba3498ffa1e534b91a07264266e6b8, type: 3}
      propertyPath: m_LocalRotation.z
      value: 0.7071068
      objectReference: {fileID: 0}
    m_RemovedComponents: []
  m_SourcePrefab: {fileID: 100100000, guid: e6ba3498ffa1e534b91a07264266e6b8, type: 3}
--- !u!1001 &5852423179889601553
PrefabInstance:
  m_ObjectHideFlags: 0
  serializedVersion: 2
  m_Modification:
    m_TransformParent: {fileID: 5852423180169445697}
    m_Modifications:
    - target: {fileID: 223237602148641016, guid: ddb963bcde7d8a04a88b3ee4709f46c7, type: 3}
      propertyPath: m_Camera
      value: 
      objectReference: {fileID: 0}
    - target: {fileID: 224586678184848430, guid: ddb963bcde7d8a04a88b3ee4709f46c7, type: 3}
      propertyPath: m_Pivot.x
      value: 0.5
      objectReference: {fileID: 0}
    - target: {fileID: 224586678184848430, guid: ddb963bcde7d8a04a88b3ee4709f46c7, type: 3}
      propertyPath: m_Pivot.y
      value: 0.5
      objectReference: {fileID: 0}
    - target: {fileID: 224586678184848430, guid: ddb963bcde7d8a04a88b3ee4709f46c7, type: 3}
      propertyPath: m_RootOrder
      value: 1
      objectReference: {fileID: 0}
    - target: {fileID: 224586678184848430, guid: ddb963bcde7d8a04a88b3ee4709f46c7, type: 3}
      propertyPath: m_AnchorMax.x
      value: 0
      objectReference: {fileID: 0}
    - target: {fileID: 224586678184848430, guid: ddb963bcde7d8a04a88b3ee4709f46c7, type: 3}
      propertyPath: m_AnchorMax.y
      value: 0
      objectReference: {fileID: 0}
    - target: {fileID: 224586678184848430, guid: ddb963bcde7d8a04a88b3ee4709f46c7, type: 3}
      propertyPath: m_AnchorMin.x
      value: 0
      objectReference: {fileID: 0}
    - target: {fileID: 224586678184848430, guid: ddb963bcde7d8a04a88b3ee4709f46c7, type: 3}
      propertyPath: m_AnchorMin.y
      value: 0
      objectReference: {fileID: 0}
    - target: {fileID: 224586678184848430, guid: ddb963bcde7d8a04a88b3ee4709f46c7, type: 3}
      propertyPath: m_SizeDelta.x
      value: 1200
      objectReference: {fileID: 0}
    - target: {fileID: 224586678184848430, guid: ddb963bcde7d8a04a88b3ee4709f46c7, type: 3}
      propertyPath: m_SizeDelta.y
      value: 600
      objectReference: {fileID: 0}
    - target: {fileID: 224586678184848430, guid: ddb963bcde7d8a04a88b3ee4709f46c7, type: 3}
      propertyPath: m_LocalPosition.x
      value: 0
      objectReference: {fileID: 0}
    - target: {fileID: 224586678184848430, guid: ddb963bcde7d8a04a88b3ee4709f46c7, type: 3}
      propertyPath: m_LocalPosition.y
      value: 0
      objectReference: {fileID: 0}
    - target: {fileID: 224586678184848430, guid: ddb963bcde7d8a04a88b3ee4709f46c7, type: 3}
      propertyPath: m_LocalPosition.z
      value: 3
      objectReference: {fileID: 0}
    - target: {fileID: 224586678184848430, guid: ddb963bcde7d8a04a88b3ee4709f46c7, type: 3}
      propertyPath: m_LocalRotation.w
      value: 1
      objectReference: {fileID: 0}
    - target: {fileID: 224586678184848430, guid: ddb963bcde7d8a04a88b3ee4709f46c7, type: 3}
      propertyPath: m_LocalRotation.x
      value: -0
      objectReference: {fileID: 0}
    - target: {fileID: 224586678184848430, guid: ddb963bcde7d8a04a88b3ee4709f46c7, type: 3}
      propertyPath: m_LocalRotation.y
      value: -0
      objectReference: {fileID: 0}
    - target: {fileID: 224586678184848430, guid: ddb963bcde7d8a04a88b3ee4709f46c7, type: 3}
      propertyPath: m_LocalRotation.z
      value: -0
      objectReference: {fileID: 0}
    - target: {fileID: 224586678184848430, guid: ddb963bcde7d8a04a88b3ee4709f46c7, type: 3}
      propertyPath: m_AnchoredPosition.x
      value: 0
      objectReference: {fileID: 0}
    - target: {fileID: 224586678184848430, guid: ddb963bcde7d8a04a88b3ee4709f46c7, type: 3}
      propertyPath: m_AnchoredPosition.y
      value: -0.11199999
      objectReference: {fileID: 0}
    m_RemovedComponents: []
  m_SourcePrefab: {fileID: 100100000, guid: ddb963bcde7d8a04a88b3ee4709f46c7, type: 3}
--- !u!224 &5920579549206855743 stripped
RectTransform:
  m_CorrespondingSourceObject: {fileID: 224586678184848430, guid: ddb963bcde7d8a04a88b3ee4709f46c7, type: 3}
  m_PrefabInstance: {fileID: 5852423179889601553}
  m_PrefabAsset: {fileID: 0}
--- !u!1001 &5852423180186125525
PrefabInstance:
  m_ObjectHideFlags: 0
  serializedVersion: 2
  m_Modification:
    m_TransformParent: {fileID: 5852455441335282202}
    m_Modifications:
    - target: {fileID: 422740, guid: ba1fa4a8c66106b4988c88fe4b8e8502, type: 3}
      propertyPath: m_RootOrder
      value: 0
      objectReference: {fileID: 0}
    - target: {fileID: 422740, guid: ba1fa4a8c66106b4988c88fe4b8e8502, type: 3}
      propertyPath: m_LocalPosition.x
      value: 0
      objectReference: {fileID: 0}
    - target: {fileID: 422740, guid: ba1fa4a8c66106b4988c88fe4b8e8502, type: 3}
      propertyPath: m_LocalPosition.y
      value: 0
      objectReference: {fileID: 0}
    - target: {fileID: 422740, guid: ba1fa4a8c66106b4988c88fe4b8e8502, type: 3}
      propertyPath: m_LocalPosition.z
      value: 0
      objectReference: {fileID: 0}
    - target: {fileID: 422740, guid: ba1fa4a8c66106b4988c88fe4b8e8502, type: 3}
      propertyPath: m_LocalRotation.w
      value: 0.7071067
      objectReference: {fileID: 0}
    - target: {fileID: 422740, guid: ba1fa4a8c66106b4988c88fe4b8e8502, type: 3}
      propertyPath: m_LocalRotation.x
      value: -0
      objectReference: {fileID: 0}
    - target: {fileID: 422740, guid: ba1fa4a8c66106b4988c88fe4b8e8502, type: 3}
      propertyPath: m_LocalRotation.y
      value: -0
      objectReference: {fileID: 0}
    - target: {fileID: 422740, guid: ba1fa4a8c66106b4988c88fe4b8e8502, type: 3}
      propertyPath: m_LocalRotation.z
      value: -0.7071068
      objectReference: {fileID: 0}
    m_RemovedComponents: []
  m_SourcePrefab: {fileID: 100100000, guid: ba1fa4a8c66106b4988c88fe4b8e8502, type: 3}
